<?xml version="1.0" encoding="UTF-8"?><collection xmlns="http://www.loc.gov/MARC21/slim"><record><leader>00410nam--2200145-i-4500</leader><controlfield tag="001">000025662</controlfield><controlfield tag="002">20161230</controlfield><controlfield tag="005">20170110233946</controlfield><controlfield tag="008">060222s1000------------r-----000-0-eng-d</controlfield><datafield ind1=" " ind2=" " tag="080"><subfield code="a">53(038)=20:621.38(038)=20:801.323.1=20</subfield></datafield><datafield ind1=" " ind2=" " tag="245"><subfield code="a">The international dictionary of physics and electronics</subfield></datafield><datafield ind1=" " ind2=" " tag="260"><subfield code="a">New York</subfield><subfield code="b">Van Nostrand</subfield><subfield code="c">1956</subfield></datafield><datafield ind1=" " ind2=" " tag="300"><subfield code="a">XVII + 1004 p</subfield></datafield><datafield ind1=" " ind2=" " tag="852"><subfield code="a">D.30</subfield></datafield><datafield ind1=" " ind2=" " tag="CAT"><subfield code="a">SYS</subfield><subfield code="c">20170110</subfield><subfield code="h">233946</subfield></datafield></record></collection>